@article{becker2008a,
  author = {Steffen Becker and Heiko Koziolek and Ralf Reussner},
  title = {{The Palladio Component Model for Model-driven Performance Prediction}},
  journal = {Journal of Systems and Software},
  year = {2009},
  volume = {82},
  pages = {3--22},
  doi = {10.1016/j.jss.2008.03.066},
  publisher = {Elsevier Science Inc.},
  url = {http://dx.doi.org/10.1016/j.jss.2008.03.066}
}

@article{mittelbach2014,
  author = {Frank Mittelbach},
  title = {How to influence the position of float environments like figure and table in \LaTeX?},
  journal = {TUGboat},
  year = {2014},
  volume = {35},
  pages = {248--254},
  url = {https://www.latex-project.org/publications/tb111mitt-float.pdf},
}

@article{interfaceAnalysisBaresi,
	author="Baresi, Luciano
	and Garriga, Martin
	and De Renzis, Alan",
	editor="De Paoli, Flavio
	and Schulte, Stefan
	and Broch Johnsen, Einar",
	title="Microservices Identification Through Interface Analysis",
	booktitle="Service-Oriented and Cloud Computing",
	year="2017",
	publisher="Springer International Publishing",
	address="Cham",
	pages="19--33",
	isbn="978-3-319-67262-5"
}



@article{ExtractionMazlami, 
	author={G. Mazlami and J. Cito and P. Leitner}, 
	booktitle={2017 IEEE International Conference on Web Services (ICWS)}, 
	title={Extraction of Microservices from Monolithic Software Architectures}, 
	year={2017}, 
	volume={}, 
	number={}, 
	pages={524-531}, 
	ISSN={}, 
	month={June},
}

@article{ObjectAwareAmiri, 
	author={M. J. Amiri}, 
	booktitle={2018 IEEE International Conference on Services Computing (SCC)}, 
	title={Object-Aware Identification of Microservices}, 
	year={2018}, 
	volume={}, 
	number={}, 
	pages={253-256},
	doi={10.1109/SCC.2018.00042}, 
	ISSN={2474-2473}, 
	month={July},}

@article{FunctionalDecompositionHeinrich,
	author="Tyszberowicz, Shmuel
	and Heinrich, Robert
	and Liu, Bo
	and Liu, Zhiming",
	editor="Feng, Xinyu
	and M{\"u}ller-Olm, Markus
	and Yang, Zijiang",
	title="Identifying Microservices Using Functional Decomposition",
	booktitle="Dependable Software Engineering. Theories, Tools, and Applications",
	year="2018",
	publisher="Springer International Publishing",
	address="Cham",
	pages="50--65",
	isbn="978-3-319-99933-3"
}

@article{DomainEngineeringMunezero, 
	author={I. J. Munezero and D. Mukasa and B. Kanagwa and J. Balikuddembe}, 
	booktitle={2018 IEEE/ACM Symposium on Software Engineering in Africa (SEiA)}, 
	title={Partitioning Microservices: A Domain Engineering Approach}, 
	year={2018}, 
	volume={}, 
	number={}, 
	pages={43-49}, 
	keywords={Business;Aggregates;Software;Meteorology;Object oriented modeling;Computer architecture;Complexity theory;Sizing microservice;DDD pattern;weather domain}, 
	doi={}, 
	ISSN={}, 
	month={May},}

@article{DataflowDrivenChen, 
	author={R. Chen and S. Li and Z. Li}, 
	booktitle={2017 24th Asia-Pacific Software Engineering Conference (APSEC)}, 
	title={From Monolith to Microservices: A Dataflow-Driven Approach}, 
	year={2017}, 
	volume={}, 
	number={}, 
	pages={466-475}, 
	keywords={data flow computing;service-oriented architecture;agile practitioner communities;independently deployable microservices;monolithic application;microservice-based software systems;analysis approach;virtual abstract dataflow;microservice identification mechanism;business requirement analysis;dataflow-driven approach;multiple small-scale microservices;microservice identification tool;microservice candidates;dataflow-driven decomposition algorithm;Business;Computer architecture;Service-oriented architecture;Complexity theory;Data mining;Electronic mail;microservices;monolith;decomposition;data flow;business logic}, 
	doi={10.1109/APSEC.2017.53}, 
	ISSN={}, 
	month={Dec},}

@article{HeuristicsAlwis,
	author="De Alwis, Adambarage Anuruddha Chathuranga
	and Barros, Alistair
	and Polyvyanyy, Artem
	and Fidge, Colin",
	editor="Pahl, Claus
	and Vukovic, Maja
	and Yin, Jianwei
	and Yu, Qi",
	title="Function-Splitting Heuristics for Discovery of Microservices in Enterprise Systems",
	booktitle="Service-Oriented Computing",
	year="2018",
	publisher="Springer International Publishing",
	address="Cham",
	pages="37--53",
	isbn="978-3-030-03596-9"
}
@article{ServiceCutter,
	author="Gysel, Michael
	and K{\"o}lbener, Lukas
	and Giersche, Wolfgang
	and Zimmermann, Olaf",
	editor="Aiello, Marco
	and Johnsen, Einar Broch
	and Dustdar, Schahram
	and Georgievski, Ilche",
	title="Service Cutter: A Systematic Approach to Service Decomposition",
	booktitle="Service-Oriented and Cloud Computing",
	year="2016",
	publisher="Springer International Publishing",
	address="Cham",
	pages="185--200",
	isbn="978-3-319-44482-6"
}

@article{MigratingCloud, 
	author={J. Lin and L. C. Lin and S. Huang}, 
	booktitle={2016 International Conference on Applied System Innovation (ICASI)}, 
	title={Migrating web applications to clouds with microservice architectures}, 
	year={2016}, 
	volume={}, 
	number={}, 
	pages={1-4},  
	month={May},}

@article{EnticeApproach, 
	author={G. Kecskemeti and A. C. Marosi and A. Kertesz}, 
	booktitle={2016 International Conference on High Performance Computing Simulation (HPCS)}, 
	title={The ENTICE approach to decompose monolithic services into microservices}, 
	year={2016}, 
	volume={}, 
	number={}, 
	pages={591-596}, 
	ISSN={}, 
	month={July},}

@article{SystematicMappingStudyMicroservice, 
	author={N. Alshuqayran and N. Ali and R. Evans}, 
	booktitle={2016 IEEE 9th International Conference on Service-Oriented Computing and Applications (SOCA)}, 
	title={A Systematic Mapping Study in Microservice Architecture}, 
	year={2016}, 
	volume={}, 
	number={}, 
	pages={44-51}, 
	month={Nov},}

@article{MigratingTowardsSurvey, 
	author={P. Di Francesco and P. Lago and I. Malavolta}, 
	booktitle={2018 IEEE International Conference on Software Architecture (ICSA)}, 
	title={Migrating Towards Microservice Architectures: An Industrial Survey}, 
	year={2018}, 
	volume={}, 
	number={}, 
	pages={29-2909}, 
	month={April},}

@misc{infoq, title={Microservices: Decomposing Applications for Deployability and Scalability}, url={https://www.infoq.com/articles/microservices-intro}, journal={InfoQ}, publisher={InfoQ}, author={Richardson, Chris}, year={2014}, month={May}, note ={Accessed on 08.01.2019}}

@article{ClassificationOfRefactoring,
	author    = {Jonas Fritzsch and
	Justus Bogner and
	Alfred Zimmermann and
	Stefan Wagner},
	title     = {From Monolith to Microservices: {A} Classification of Refactoring
	Approaches},
	journal   = {CoRR},
	volume    = {abs/1807.10059},
	year      = {2018},
	url       = {http://arxiv.org/abs/1807.10059},
	archivePrefix = {arXiv},
	eprint    = {1807.10059},
	timestamp = {Mon, 13 Aug 2018 16:48:40 +0200},
	biburl    = {https://dblp.org/rec/bib/journals/corr/abs-1807-10059},
	bibsource = {dblp computer science bibliography, https://dblp.org}
}

@article{TowardsUnderstandingEvolution, 
	author={D. Escobar and D. Cárdenas and R. Amarillo and E. Castro and K. Garcés and C. Parra and R. Casallas}, 
	booktitle={2016 XLII Latin American Computing Conference (CLEI)}, 
	title={Towards the understanding and evolution of monolithic applications as microservices}, 
	year={2016}, 
	volume={}, 
	number={}, 
	pages={1-11}, 
	month={Oct},}

@article{WorkloadbasedClustering, 
	author={S. Klock and J. M. E. M. V. D. Werf and J. P. Guelen and S. Jansen}, 
	booktitle={2017 IEEE International Conference on Software Architecture (ICSA)}, 
	title={Workload-Based Clustering of Coherent Feature Sets in Microservice Architectures}, 
	year={2017}, 
	volume={}, 
	number={}, 
	pages={11-20}, 
	ISSN={}, 
	month={April},}

@article{ArchitecturalMetaModelling, 
	author={S. Hassan and N. Ali and R. Bahsoon}, 
	booktitle={2017 IEEE International Conference on Software Architecture (ICSA)}, 
	title={Microservice Ambients: An Architectural Meta-Modelling Approach for Microservice Granularity}, 
	year={2017}, 
	volume={}, 
	number={}, 
	pages={1-10}, 
	month={April},}
@misc{Fowler, title={Microservices}, 	author={Lewis Fowler}, url={https://martinfowler.com/articles/microservices.html}, journal={News}, note ={Accessed on 17.01.2019}}

@misc{Mazlami, title={Algorithmic
	Extraction of
	Microservices from
	Monolithic Code
	Bases},	author={Genc Mazlami}, url={https://www.merlin.uzh.ch/contributionDocument/download/10978}, journal={Master Thesis}, note ={Accessed on 20.01.2019}}

@article{TowardsTechnique,
	author    = {Alessandra Levcovitz and
	Ricardo Terra and
	Marco Tulio Valente},
	title     = {Towards a Technique for Extracting Microservices from Monolithic Enterprise
	Systems},
	journal   = {CoRR},
	volume    = {abs/1605.03175},
	year      = {2016},
	url       = {http://arxiv.org/abs/1605.03175},
	archivePrefix = {arXiv},
	eprint    = {1605.03175},
	timestamp = {Mon, 13 Aug 2018 16:47:34 +0200},
	biburl    = {https://dblp.org/rec/bib/journals/corr/LevcovitzTV16},
	bibsource = {dblp computer science bibliography, https://dblp.org}
}

@misc{NikoProseminar, title={From Traditional Development to Continuous
	Deployment: Strategies and Practices in CI/CD
	Pipelines}, 	author={Niko Benkler}, url={https://github.com/Benkler/Proseminar/blob/master/Niko_Benkler_Proseminar.pdf}, journal={Seminar Paper}, note ={Accessed on 20.01.2019}}

@misc{NikoCoCoMEImpl, title={Microservice-based implementation of CoCoME}, 	author={Niko Benkler}, url=https://github.com/cocome-community-case-study/cocome-cloud-jee-microservices-rest
}, journal={Source Code}, note ={Accessed on 19.03.2019}}


@misc{Evaluation, title={Types and Uses of Evaluation},  url=https://www.cdc.gov/std/Program/pupestd/Types%20of%20Evaluation.pdf
},  note ={Accessed on 11.04.2019}}

@article{CoCoMETechnical,
	author = {Heinrich, Robert and Rostami, Kiana and Reussner, Ralf},
	year = {2016},
	month = {01},
	pages = {},
	title = {The CoCoME Platform for Collaborative Empirical Research on Information System Evolution},
	doi = {10.5445/IR/1000052688}
}

@Inbook{CoCoMEOld,
	author="Herold, Sebastian
	and Klus, Holger
	and Welsch, Yannick
	and Deiters, Constanze
	and Rausch, Andreas
	and Reussner, Ralf
	and Krogmann, Klaus
	and Koziolek, Heiko
	and Mirandola, Raffaela
	and Hummel, Benjamin
	and Meisinger, Michael
	and Pfaller, Christian",
	editor="Rausch, Andreas
	and Reussner, Ralf
	and Mirandola, Raffaela
	and Pl{\'a}{\v{s}}il, Franti{\v{s}}ek",
	title="CoCoME - The Common Component Modeling Example",
	bookTitle="The Common Component Modeling Example: Comparing Software Component Models",
	year="2008",
	publisher="Springer Berlin Heidelberg",
	address="Berlin, Heidelberg",
	pages="16--53",
	isbn="978-3-540-85289-6",
	doi="10.1007/978-3-540-85289-6_3",
	url="https://doi.org/10.1007/978-3-540-85289-6_3"
}

@article{TowardsCloudGuiseppe,
	title={Towards a MicroServices Architecture for Clouds},
	author={UU, Zhiping Luo and Korpershoek, Michel and VU, AnaMaria Oprescu}
}

@INPROCEEDINGS{VisualizeBPMN, 
	author={D. Lubke and K. Schneider and M. Weidlich}, 
	booktitle={2008 Requirements Engineering Visualization}, 
	title={Visualizing Use Case Sets as BPMN Processes}, 
	year={2008}, 
	volume={}, 
	number={}, 
	pages={21-25}, 
	keywords={business data processing;data flow graphs;data visualisation;software project;Use Case sets visualization;business process modeling notation;control-flow concept;Unified modeling language;Software engineering;Automatic control;Assembly;Books;Data visualization;Business communication}, 
	doi={10.1109/REV.2008.8}, 
	ISSN={}, 
	month={Sep.},}

@article{cd,
	title={Continuous Integration, Delivery and Deployment: A Systematic Review on Approaches, Tools, Challenges and Practices},
	author={Shahin, Mojtaba and Babar, Muhammad Ali and Zhu, Liming},
	journal={IEEE Access},
	volume={5},
	pages={3909--3943},
	year={2017},
	publisher={IEEE}
}

@techreport{BasiliGQM,
	author = {Basili, Victor R.},
	title = {Software Modeling and Measurement: The Goal/Question/Metric Paradigm},
	year = {1992},
	source = {UMIACS TR-92-96},
	publisher = {University of Maryland at College Park},
	address = {College Park, MD, USA},
} 
@article{PrecisionRecall,
	title={The relationship between recall and precision},
	author={Buckland, Michael and Gey, Fredric},
	journal={Journal of the American society for information science},
	volume={45},
	number={1},
	pages={12--19},
	year={1994},
	publisher={Wiley Online Library}
}

@book{Cockburn,
	author = {Cockburn, Alistair},
	title = {Writing Effective Use Cases},
	year = {2000},
	isbn = {0201702258},
	edition = {1st},
	publisher = {Addison-Wesley Longman Publishing Co., Inc.},
	address = {Boston, MA, USA},
} 

@misc{OMG, title={BPMN OMG},  url={https://www.omg.org/spec/BPMN/2.0/},  note ={Accessed on 25.02.2019}}

@article{DataFlowErrorBPMN,
	title={Detecting Data-Flow Errors in BPMN 2.0},
	author={Silvia von Stackelberg and Susanne Putze and Jutta A. M{\"u}lle and Klemens B{\"o}hm},
	journal={OJIS},
	year={2014},
	volume={1},
	pages={1-19}
}

@inproceedings{YourdonDFD,
	author = {Yourdon, Edward},
	title = {Structured Programming and Structured Design As Art Forms},
	booktitle = {Proceedings of the May 19-22, 1975, National Computer Conference and Exposition},
	series = {AFIPS '75},
	year = {1975},
	location = {Anaheim, California},
	pages = {277--277},
	numpages = {1},
	url = {http://doi.acm.org/10.1145/1499949.1499997},
	doi = {10.1145/1499949.1499997},
	acmid = {1499997},
	publisher = {ACM},
	address = {New York, NY, USA},
} 

@article{BPMNMiner,
	title = "BPMN Miner: Automated discovery of BPMN process models with hierarchical structure",
	journal = "Information Systems",
	volume = "56",
	pages = "284 - 303",
	year = "2016",
	issn = "0306-4379",
	doi = "https://doi.org/10.1016/j.is.2015.07.004",
	url = "http://www.sciencedirect.com/science/article/pii/S0306437915001325",
	author = "Raffaele Conforti and Marlon Dumas and Luciano García-Bañuelos and Marcello La Rosa",
	keywords = "Process mining, Automated process discovery, BPMN",

}

@InProceedings{ProcessMiningManifesto,
	author="van der Aalst, Wil
	and Adriansyah, Arya
	and de Medeiros, Ana Karla Alves
	and Arcieri, Franco
	and Baier, Thomas
	and Blickle, Tobias
	and Bose, Jagadeesh Chandra
	and van den Brand, Peter
	and Brandtjen, Ronald
	and Buijs, Joos
	and Burattin, Andrea
	and Carmona, Josep
	and Castellanos, Malu
	and Claes, Jan
	and Cook, Jonathan
	and Costantini, Nicola
	and Curbera, Francisco
	and Damiani, Ernesto
	and de Leoni, Massimiliano
	and Delias, Pavlos
	and van Dongen, Boudewijn F.
	and Dumas, Marlon
	and Dustdar, Schahram
	and Fahland, Dirk
	and Ferreira, Diogo R.
	and Gaaloul, Walid
	and van Geffen, Frank
	and Goel, Sukriti
	and G{\"u}nther, Christian
	and Guzzo, Antonella
	and Harmon, Paul
	and ter Hofstede, Arthur
	and Hoogland, John
	and Ingvaldsen, Jon Espen
	and Kato, Koki
	and Kuhn, Rudolf
	and Kumar, Akhil
	and La Rosa, Marcello
	and Maggi, Fabrizio
	and Malerba, Donato
	and Mans, Ronny S.
	and Manuel, Alberto
	and McCreesh, Martin
	and Mello, Paola
	and Mendling, Jan
	and Montali, Marco
	and Motahari-Nezhad, Hamid R.
	and zur Muehlen, Michael
	and Munoz-Gama, Jorge
	and Pontieri, Luigi
	and Ribeiro, Joel
	and Rozinat, Anne
	and Seguel P{\'e}rez, Hugo
	and Seguel P{\'e}rez, Ricardo
	and Sep{\'u}lveda, Marcos
	and Sinur, Jim
	and Soffer, Pnina
	and Song, Minseok
	and Sperduti, Alessandro
	and Stilo, Giovanni
	and Stoel, Casper
	and Swenson, Keith
	and Talamo, Maurizio
	and Tan, Wei
	and Turner, Chris
	and Vanthienen, Jan
	and Varvaressos, George
	and Verbeek, Eric
	and Verdonk, Marc
	and Vigo, Roberto
	and Wang, Jianmin
	and Weber, Barbara
	and Weidlich, Matthias
	and Weijters, Ton
	and Wen, Lijie
	and Westergaard, Michael
	and Wynn, Moe",
	editor="Daniel, Florian
	and Barkaoui, Kamel
	and Dustdar, Schahram",
	title="Process Mining Manifesto",
	booktitle="Business Process Management Workshops",
	year="2012",
	publisher="Springer Berlin Heidelberg",
	address="Berlin, Heidelberg",
	pages="169--194",
	isbn="978-3-642-28108-2"
}

@inproceedings{gephi,
	title={Gephi: an open source software for exploring and manipulating networks},
	author={Bastian, Mathieu and Heymann, Sebastien and Jacomy, Mathieu},
	booktitle={Third international AAAI conference on weblogs and social media},
	year={2009}
}

@article{modularity,
	author = {Blondel, Vincent and Guillaume, Jean-Loup and Lambiotte, Renaud and Lefebvre, Etienne},
	year = {2008},
	month = {04},
	pages = {},
	title = {Fast Unfolding of Communities in Large Networks},
	volume = {2008},
	journal = {Journal of Statistical Mechanics Theory and Experiment},
	doi = {10.1088/1742-5468/2008/10/P10008}
}

@article{bunch,
	author = {Mancoridis, Spiros and Mitchell, Brian and Chen, Yih-Farn and Gansner, Emden},
	year = {1999},
	month = {04},
	pages = {},
	title = {Bunch: A Clustering Tool for the Recovery and Maintenance of Software System Structures}
}

@INPROCEEDINGS{turbo-MQ, 
	author={B. {Mitchell} and M. {Traverso} and S. {Mancoridis}}, 
	booktitle={Proceedings Working IEEE/IFIP Conference on Software Architecture}, 
	title={An architecture for distributing the computation of software clustering algorithms}, 
	year={2001}, 
	volume={}, 
	number={}, 
	pages={181-190}, 
	doi={10.1109/WICSA.2001.948427}, 
	ISSN={}, 
	month={Aug},}

@techreport{DOT,
	title={Drawing graphs with dot},
	author={Koutsofios, Eleftherios and North, Stephen and others},
	year={1991},
	institution={Technical Report 910904-59113-08TM, AT\&T Bell Laboratories, Murray Hill, NJ}
}
@book{DevOps,
	title={DevOps: A software architect's perspective},
	author={Bass, Len and Weber, Ingo and Zhu, Liming},
	year={2015},
	publisher={Addison-Wesley Professional}
}

@Article{Validity,
	author="Ransdell, Sarah",
	title="Educational software evaluation research: Balancing internal, external, and ecological validity",
	journal="Behavior Research Methods, Instruments, {\&} Computers",
	year="1993",
	month="Jun",
	day="01",
	volume="25",
	number="2",
	pages="228--232",
	abstract="The difficulties inherent in the evaluation of educational software are described in terms of the tradeoffs between internal, external, and ecological validity. Larger issues in evaluation research design and computer-based instruction are highlighted by primary and metaanalytic studies designed to reveal the effects of computer simulations in psychology classrooms and laboratories. The effectiveness of classroom and laboratory computer activities depends on how the inclusion of software, as well as the evaluation process itself, changes the entire instructional process.",
	issn="1532-5970",
	doi="10.3758/BF03204502",
	url="https://doi.org/10.3758/BF03204502"
}








