@article{becker2008a,
  author = {Steffen Becker and Heiko Koziolek and Ralf Reussner},
  title = {{The Palladio Component Model for Model-driven Performance Prediction}},
  journal = {Journal of Systems and Software},
  year = {2009},
  volume = {82},
  pages = {3--22},
  doi = {10.1016/j.jss.2008.03.066},
  publisher = {Elsevier Science Inc.},
  url = {http://dx.doi.org/10.1016/j.jss.2008.03.066}
}

@article{mittelbach2014,
  author = {Frank Mittelbach},
  title = {How to influence the position of float environments like figure and table in \LaTeX?},
  journal = {TUGboat},
  year = {2014},
  volume = {35},
  pages = {248--254},
  url = {https://www.latex-project.org/publications/tb111mitt-float.pdf},
}

@article{interfaceAnalysisBaresi,
	author="Baresi, Luciano
	and Garriga, Martin
	and De Renzis, Alan",
	editor="De Paoli, Flavio
	and Schulte, Stefan
	and Broch Johnsen, Einar",
	title="Microservices Identification Through Interface Analysis",
	booktitle="Service-Oriented and Cloud Computing",
	year="2017",
	publisher="Springer International Publishing",
	address="Cham",
	pages="19--33",
	isbn="978-3-319-67262-5"
}



@article{ExtractionMazlami, 
	author={G. Mazlami and J. Cito and P. Leitner}, 
	booktitle={2017 IEEE International Conference on Web Services (ICWS)}, 
	title={Extraction of Microservices from Monolithic Software Architectures}, 
	year={2017}, 
	volume={}, 
	number={}, 
	pages={524-531}, 
	ISSN={}, 
	month={June},
}

@article{ObjectAwareAmiri, 
	author={M. J. Amiri}, 
	booktitle={2018 IEEE International Conference on Services Computing (SCC)}, 
	title={Object-Aware Identification of Microservices}, 
	year={2018}, 
	volume={}, 
	number={}, 
	pages={253-256},
	doi={10.1109/SCC.2018.00042}, 
	ISSN={2474-2473}, 
	month={July},}

@article{FunctionalDecompositionHeinrich,
	author="Tyszberowicz, Shmuel
	and Heinrich, Robert
	and Liu, Bo
	and Liu, Zhiming",
	editor="Feng, Xinyu
	and M{\"u}ller-Olm, Markus
	and Yang, Zijiang",
	title="Identifying Microservices Using Functional Decomposition",
	booktitle="Dependable Software Engineering. Theories, Tools, and Applications",
	year="2018",
	publisher="Springer International Publishing",
	address="Cham",
	pages="50--65",
	isbn="978-3-319-99933-3"
}

@article{DomainEngineeringMunezero, 
	author={I. J. Munezero and D. Mukasa and B. Kanagwa and J. Balikuddembe}, 
	booktitle={2018 IEEE/ACM Symposium on Software Engineering in Africa (SEiA)}, 
	title={Partitioning Microservices: A Domain Engineering Approach}, 
	year={2018}, 
	volume={}, 
	number={}, 
	pages={43-49}, 
	keywords={Business;Aggregates;Software;Meteorology;Object oriented modeling;Computer architecture;Complexity theory;Sizing microservice;DDD pattern;weather domain}, 
	doi={}, 
	ISSN={}, 
	month={May},}

@article{DataflowDrivenChen, 
	author={R. Chen and S. Li and Z. Li}, 
	booktitle={2017 24th Asia-Pacific Software Engineering Conference (APSEC)}, 
	title={From Monolith to Microservices: A Dataflow-Driven Approach}, 
	year={2017}, 
	volume={}, 
	number={}, 
	pages={466-475}, 
	keywords={data flow computing;service-oriented architecture;agile practitioner communities;independently deployable microservices;monolithic application;microservice-based software systems;analysis approach;virtual abstract dataflow;microservice identification mechanism;business requirement analysis;dataflow-driven approach;multiple small-scale microservices;microservice identification tool;microservice candidates;dataflow-driven decomposition algorithm;Business;Computer architecture;Service-oriented architecture;Complexity theory;Data mining;Electronic mail;microservices;monolith;decomposition;data flow;business logic}, 
	doi={10.1109/APSEC.2017.53}, 
	ISSN={}, 
	month={Dec},}

@article{HeuristicsAlwis,
	author="De Alwis, Adambarage Anuruddha Chathuranga
	and Barros, Alistair
	and Polyvyanyy, Artem
	and Fidge, Colin",
	editor="Pahl, Claus
	and Vukovic, Maja
	and Yin, Jianwei
	and Yu, Qi",
	title="Function-Splitting Heuristics for Discovery of Microservices in Enterprise Systems",
	booktitle="Service-Oriented Computing",
	year="2018",
	publisher="Springer International Publishing",
	address="Cham",
	pages="37--53",
	isbn="978-3-030-03596-9"
}
@article{ServiceCutter,
	author="Gysel, Michael
	and K{\"o}lbener, Lukas
	and Giersche, Wolfgang
	and Zimmermann, Olaf",
	editor="Aiello, Marco
	and Johnsen, Einar Broch
	and Dustdar, Schahram
	and Georgievski, Ilche",
	title="Service Cutter: A Systematic Approach to Service Decomposition",
	booktitle="Service-Oriented and Cloud Computing",
	year="2016",
	publisher="Springer International Publishing",
	address="Cham",
	pages="185--200",
	isbn="978-3-319-44482-6"
}

@article{MigratingCloud, 
	author={J. Lin and L. C. Lin and S. Huang}, 
	booktitle={2016 International Conference on Applied System Innovation (ICASI)}, 
	title={Migrating web applications to clouds with microservice architectures}, 
	year={2016}, 
	volume={}, 
	number={}, 
	pages={1-4},  
	month={May},}

@article{EnticeApproach, 
	author={G. Kecskemeti and A. C. Marosi and A. Kertesz}, 
	booktitle={2016 International Conference on High Performance Computing Simulation (HPCS)}, 
	title={The ENTICE approach to decompose monolithic services into microservices}, 
	year={2016}, 
	volume={}, 
	number={}, 
	pages={591-596}, 
	ISSN={}, 
	month={July},}

@article{SystematicMappingStudyMicroservice, 
	author={N. Alshuqayran and N. Ali and R. Evans}, 
	booktitle={2016 IEEE 9th International Conference on Service-Oriented Computing and Applications (SOCA)}, 
	title={A Systematic Mapping Study in Microservice Architecture}, 
	year={2016}, 
	volume={}, 
	number={}, 
	pages={44-51}, 
	month={Nov},}

@article{MigratingTowardsSurvey, 
	author={P. Di Francesco and P. Lago and I. Malavolta}, 
	booktitle={2018 IEEE International Conference on Software Architecture (ICSA)}, 
	title={Migrating Towards Microservice Architectures: An Industrial Survey}, 
	year={2018}, 
	volume={}, 
	number={}, 
	pages={29-2909}, 
	month={April},}





